%YAML 1.1
%TAG !u! tag:unity3d.com,2011:
--- !u!1 &4166918345822612152
GameObject:
  m_ObjectHideFlags: 0
  m_CorrespondingSourceObject: {fileID: 0}
  m_PrefabInstance: {fileID: 0}
  m_PrefabAsset: {fileID: 0}
  serializedVersion: 6
  m_Component:
  - component: {fileID: 1032991006710984223}
  - component: {fileID: 6677657150093339019}
  - component: {fileID: 8791873225208743380}
  m_Layer: 0
  m_Name: Sphere
  m_TagString: Untagged
  m_Icon: {fileID: 0}
  m_NavMeshLayer: 0
  m_StaticEditorFlags: 0
  m_IsActive: 1
--- !u!4 &1032991006710984223
Transform:
  m_ObjectHideFlags: 0
  m_CorrespondingSourceObject: {fileID: 0}
  m_PrefabInstance: {fileID: 0}
  m_PrefabAsset: {fileID: 0}
  m_GameObject: {fileID: 4166918345822612152}
  serializedVersion: 2
  m_LocalRotation: {x: 0, y: 0, z: 0, w: 1}
  m_LocalPosition: {x: 0, y: 0, z: 0}
  m_LocalScale: {x: 1, y: 1, z: 1}
  m_ConstrainProportionsScale: 0
  m_Children: []
  m_Father: {fileID: 2231922967292985912}
  m_LocalEulerAnglesHint: {x: 0, y: 0, z: 0}
--- !u!33 &6677657150093339019
MeshFilter:
  m_ObjectHideFlags: 0
  m_CorrespondingSourceObject: {fileID: 0}
  m_PrefabInstance: {fileID: 0}
  m_PrefabAsset: {fileID: 0}
  m_GameObject: {fileID: 4166918345822612152}
  m_Mesh: {fileID: 10207, guid: 0000000000000000e000000000000000, type: 0}
--- !u!23 &8791873225208743380
MeshRenderer:
  m_ObjectHideFlags: 0
  m_CorrespondingSourceObject: {fileID: 0}
  m_PrefabInstance: {fileID: 0}
  m_PrefabAsset: {fileID: 0}
  m_GameObject: {fileID: 4166918345822612152}
  m_Enabled: 1
  m_CastShadows: 1
  m_ReceiveShadows: 1
  m_DynamicOccludee: 1
  m_StaticShadowCaster: 0
  m_MotionVectors: 1
  m_LightProbeUsage: 1
  m_ReflectionProbeUsage: 1
  m_RayTracingMode: 2
  m_RayTraceProcedural: 0
  m_RenderingLayerMask: 1
  m_RendererPriority: 0
  m_Materials:
  - {fileID: 2100000, guid: 85722480aa3ce4047911aadd2f7fb78f, type: 2}
  m_StaticBatchInfo:
    firstSubMesh: 0
    subMeshCount: 0
  m_StaticBatchRoot: {fileID: 0}
  m_ProbeAnchor: {fileID: 0}
  m_LightProbeVolumeOverride: {fileID: 0}
  m_ScaleInLightmap: 1
  m_ReceiveGI: 1
  m_PreserveUVs: 0
  m_IgnoreNormalsForChartDetection: 0
  m_ImportantGI: 0
  m_StitchLightmapSeams: 1
  m_SelectedEditorRenderState: 3
  m_MinimumChartSize: 4
  m_AutoUVMaxDistance: 0.5
  m_AutoUVMaxAngle: 89
  m_LightmapParameters: {fileID: 0}
  m_SortingLayerID: 0
  m_SortingLayer: 0
  m_SortingOrder: 0
  m_AdditionalVertexStreams: {fileID: 0}
--- !u!1001 &4883720085399913974
PrefabInstance:
  m_ObjectHideFlags: 0
  serializedVersion: 2
  m_Modification:
    serializedVersion: 3
    m_TransformParent: {fileID: 0}
    m_Modifications:
    - target: {fileID: 3534564977397493195, guid: 5cf4e75ad2ba3374eb075c0384e0315e, type: 3}
      propertyPath: m_LocalPosition.x
      value: 0
      objectReference: {fileID: 0}
    - target: {fileID: 3534564977397493195, guid: 5cf4e75ad2ba3374eb075c0384e0315e, type: 3}
      propertyPath: m_LocalPosition.y
      value: 0
      objectReference: {fileID: 0}
    - target: {fileID: 3534564977397493195, guid: 5cf4e75ad2ba3374eb075c0384e0315e, type: 3}
      propertyPath: m_LocalPosition.z
      value: 0
      objectReference: {fileID: 0}
    - target: {fileID: 3534564977397493195, guid: 5cf4e75ad2ba3374eb075c0384e0315e, type: 3}
      propertyPath: m_LocalRotation.w
      value: 1
      objectReference: {fileID: 0}
    - target: {fileID: 3534564977397493195, guid: 5cf4e75ad2ba3374eb075c0384e0315e, type: 3}
      propertyPath: m_LocalRotation.x
      value: 0
      objectReference: {fileID: 0}
    - target: {fileID: 3534564977397493195, guid: 5cf4e75ad2ba3374eb075c0384e0315e, type: 3}
      propertyPath: m_LocalRotation.y
      value: 0
      objectReference: {fileID: 0}
    - target: {fileID: 3534564977397493195, guid: 5cf4e75ad2ba3374eb075c0384e0315e, type: 3}
      propertyPath: m_LocalRotation.z
      value: 0
      objectReference: {fileID: 0}
    - target: {fileID: 3534564977397493195, guid: 5cf4e75ad2ba3374eb075c0384e0315e, type: 3}
      propertyPath: m_LocalEulerAnglesHint.x
      value: 0
      objectReference: {fileID: 0}
    - target: {fileID: 3534564977397493195, guid: 5cf4e75ad2ba3374eb075c0384e0315e, type: 3}
      propertyPath: m_LocalEulerAnglesHint.y
      value: 0
      objectReference: {fileID: 0}
    - target: {fileID: 3534564977397493195, guid: 5cf4e75ad2ba3374eb075c0384e0315e, type: 3}
      propertyPath: m_LocalEulerAnglesHint.z
      value: 0
      objectReference: {fileID: 0}
    - target: {fileID: 8467939939921247738, guid: 5cf4e75ad2ba3374eb075c0384e0315e, type: 3}
      propertyPath: m_Name
      value: Bomb
      objectReference: {fileID: 0}
    m_RemovedComponents: []
    m_RemovedGameObjects: []
    m_AddedGameObjects:
    - targetCorrespondingSourceObject: {fileID: 6719115110246975438, guid: 5cf4e75ad2ba3374eb075c0384e0315e, type: 3}
      insertIndex: -1
      addedObject: {fileID: 1032991006710984223}
    m_AddedComponents:
    - targetCorrespondingSourceObject: {fileID: 8467939939921247738, guid: 5cf4e75ad2ba3374eb075c0384e0315e, type: 3}
      insertIndex: -1
      addedObject: {fileID: 5731397041115679}
    - targetCorrespondingSourceObject: {fileID: 8467939939921247738, guid: 5cf4e75ad2ba3374eb075c0384e0315e, type: 3}
      insertIndex: -1
      addedObject: {fileID: 4133055058218136720}
    - targetCorrespondingSourceObject: {fileID: 8467939939921247738, guid: 5cf4e75ad2ba3374eb075c0384e0315e, type: 3}
      insertIndex: -1
      addedObject: {fileID: 6118975478185063535}
    - targetCorrespondingSourceObject: {fileID: 8467939939921247738, guid: 5cf4e75ad2ba3374eb075c0384e0315e, type: 3}
      insertIndex: -1
      addedObject: {fileID: 8342979834253283497}
    - targetCorrespondingSourceObject: {fileID: 8467939939921247738, guid: 5cf4e75ad2ba3374eb075c0384e0315e, type: 3}
      insertIndex: -1
      addedObject: {fileID: 5745909488252890920}
    - targetCorrespondingSourceObject: {fileID: 8467939939921247738, guid: 5cf4e75ad2ba3374eb075c0384e0315e, type: 3}
      insertIndex: -1
      addedObject: {fileID: 8050542384056169227}
    - targetCorrespondingSourceObject: {fileID: 3324946425662589166, guid: 5cf4e75ad2ba3374eb075c0384e0315e, type: 3}
      insertIndex: -1
      addedObject: {fileID: 8849231193570943639}
  m_SourcePrefab: {fileID: 100100000, guid: 5cf4e75ad2ba3374eb075c0384e0315e, type: 3}
--- !u!4 &2231922967292985912 stripped
Transform:
  m_CorrespondingSourceObject: {fileID: 6719115110246975438, guid: 5cf4e75ad2ba3374eb075c0384e0315e, type: 3}
  m_PrefabInstance: {fileID: 4883720085399913974}
  m_PrefabAsset: {fileID: 0}
--- !u!1 &3909791915732301836 stripped
GameObject:
  m_CorrespondingSourceObject: {fileID: 8467939939921247738, guid: 5cf4e75ad2ba3374eb075c0384e0315e, type: 3}
  m_PrefabInstance: {fileID: 4883720085399913974}
  m_PrefabAsset: {fileID: 0}
--- !u!54 &5731397041115679
Rigidbody:
  m_ObjectHideFlags: 0
  m_CorrespondingSourceObject: {fileID: 0}
  m_PrefabInstance: {fileID: 0}
  m_PrefabAsset: {fileID: 0}
  m_GameObject: {fileID: 3909791915732301836}
  serializedVersion: 4
  m_Mass: 1
  m_Drag: 0
  m_AngularDrag: 0.05
  m_CenterOfMass: {x: 0, y: 0, z: 0}
  m_InertiaTensor: {x: 1, y: 1, z: 1}
  m_InertiaRotation: {x: 0, y: 0, z: 0, w: 1}
  m_IncludeLayers:
    serializedVersion: 2
    m_Bits: 0
  m_ExcludeLayers:
    serializedVersion: 2
    m_Bits: 0
  m_ImplicitCom: 1
  m_ImplicitTensor: 1
  m_UseGravity: 0
  m_IsKinematic: 0
  m_Interpolate: 0
  m_Constraints: 0
  m_CollisionDetection: 0
--- !u!114 &4133055058218136720
MonoBehaviour:
  m_ObjectHideFlags: 0
  m_CorrespondingSourceObject: {fileID: 0}
  m_PrefabInstance: {fileID: 0}
  m_PrefabAsset: {fileID: 0}
  m_GameObject: {fileID: 3909791915732301836}
  m_Enabled: 1
  m_EditorHideFlags: 0
  m_Script: {fileID: 11500000, guid: 6004cc59c2c04afb96c6b6d42dad286c, type: 3}
  m_Name: 
  m_EditorClassIdentifier: 
--- !u!114 &6118975478185063535
MonoBehaviour:
  m_ObjectHideFlags: 0
  m_CorrespondingSourceObject: {fileID: 0}
  m_PrefabInstance: {fileID: 0}
  m_PrefabAsset: {fileID: 0}
  m_GameObject: {fileID: 3909791915732301836}
  m_Enabled: 1
  m_EditorHideFlags: 0
  m_Script: {fileID: 11500000, guid: c3b3e256f2e849a7bab1146fc8d3d822, type: 3}
  m_Name: 
  m_EditorClassIdentifier: 
  serializedData:
    <GameObject>k__BackingField: {fileID: 3909791915732301836}
--- !u!114 &8342979834253283497
MonoBehaviour:
  m_ObjectHideFlags: 0
  m_CorrespondingSourceObject: {fileID: 0}
  m_PrefabInstance: {fileID: 0}
  m_PrefabAsset: {fileID: 0}
  m_GameObject: {fileID: 3909791915732301836}
  m_Enabled: 1
  m_EditorHideFlags: 0
  m_Script: {fileID: 11500000, guid: b82441b412584da3b27bfd81f604266f, type: 3}
  m_Name: 
  m_EditorClassIdentifier: 
--- !u!114 &5745909488252890920
MonoBehaviour:
  m_ObjectHideFlags: 0
  m_CorrespondingSourceObject: {fileID: 0}
  m_PrefabInstance: {fileID: 0}
  m_PrefabAsset: {fileID: 0}
  m_GameObject: {fileID: 3909791915732301836}
  m_Enabled: 1
  m_EditorHideFlags: 0
  m_Script: {fileID: 11500000, guid: d51c47dea70848fea1d72929a42f3690, type: 3}
  m_Name: 
  m_EditorClassIdentifier: 
  serializedData:
    Damage: 5
    ExplosionRadius: 5
--- !u!114 &8050542384056169227
MonoBehaviour:
  m_ObjectHideFlags: 0
  m_CorrespondingSourceObject: {fileID: 0}
  m_PrefabInstance: {fileID: 0}
  m_PrefabAsset: {fileID: 0}
  m_GameObject: {fileID: 3909791915732301836}
  m_Enabled: 1
  m_EditorHideFlags: 0
  m_Script: {fileID: 11500000, guid: 16c706906a5d43709720ec0170719b07, type: 3}
  m_Name: 
  m_EditorClassIdentifier: 
  serializedData:
    Ref: {fileID: 8271768449787865149}
--- !u!1 &7918138083648802072 stripped
GameObject:
  m_CorrespondingSourceObject: {fileID: 3324946425662589166, guid: 5cf4e75ad2ba3374eb075c0384e0315e, type: 3}
  m_PrefabInstance: {fileID: 4883720085399913974}
  m_PrefabAsset: {fileID: 0}
--- !u!135 &8849231193570943639
SphereCollider:
  m_ObjectHideFlags: 0
  m_CorrespondingSourceObject: {fileID: 0}
  m_PrefabInstance: {fileID: 0}
  m_PrefabAsset: {fileID: 0}
  m_GameObject: {fileID: 7918138083648802072}
  m_Material: {fileID: 0}
  m_IncludeLayers:
    serializedVersion: 2
    m_Bits: 0
  m_ExcludeLayers:
    serializedVersion: 2
    m_Bits: 0
  m_LayerOverridePriority: 0
  m_IsTrigger: 1
  m_ProvidesContacts: 0
  m_Enabled: 1
  serializedVersion: 3
  m_Radius: 0.5
  m_Center: {x: 0, y: 0, z: 0}
--- !u!4 &8271768449787865149 stripped
Transform:
  m_CorrespondingSourceObject: {fileID: 3534564977397493195, guid: 5cf4e75ad2ba3374eb075c0384e0315e, type: 3}
  m_PrefabInstance: {fileID: 4883720085399913974}
  m_PrefabAsset: {fileID: 0}
